%Entries
@incollection{auer2007dbpedia,
	title={Dbpedia: A nucleus for a web of open data},
	author={Auer, S{\"o}ren and Bizer, Christian and Kobilarov, Georgi and Lehmann, Jens and Cyganiak, Richard and Ives, Zachary},
	booktitle={The semantic web},
	pages={722--735},
	year={2007},
	publisher={Springer}
}
@inproceedings{zaveri2013user,
	title={User-driven quality evaluation of dbpedia},
	author={Zaveri, Amrapali and Kontokostas, Dimitris and Sherif, Mohamed A and B{\"u}hmann, Lorenz and Morsey, Mohamed and Auer, S{\"o}ren and Lehmann, Jens},
	booktitle={Proceedings of the 9th International Conference on Semantic Systems},
	pages={97--104},
	year={2013},
	organization={ACM}
}
@inproceedings{suchanek2007yago,
	title={Yago: a core of semantic knowledge},
	author={Suchanek, Fabian M and Kasneci, Gjergji and Weikum, Gerhard},
	booktitle={Proceedings of the 16th international conference on World Wide Web},
	pages={697--706},
	year={2007},
	organization={ACM}
}
@article{hoffart2013yago2,
	title={YAGO2: A spatially and temporally enhanced knowledge base from Wikipedia},
	author={Hoffart, Johannes and Suchanek, Fabian M and Berberich, Klaus and Weikum, Gerhard},
	journal={Artificial Intelligence},
	volume={194},
	pages={28--61},
	year={2013},
	publisher={Elsevier}
}
@inproceedings{mahdisoltani2013yago3,
	title={Yago3: A knowledge base from multilingual wikipedias},
	author={Mahdisoltani, Farzaneh and Biega, Joanna and Suchanek, Fabian M},
	booktitle={CIDR},
	year={2013}
}
@article{vrandevcic2014wikidata,
	title={Wikidata: a free collaborative knowledgebase},
	author={Vrande{\v{c}}i{\'c}, Denny and Kr{\"o}tzsch, Markus},
	journal={Communications of the ACM},
	volume={57},
	number={10},
	pages={78--85},
	year={2014},
	publisher={ACM}
}
@inproceedings{ponzetto2008wikitaxonomy,
	title={WikiTaxonomy: A Large Scale Knowledge Resource.},
	author={Ponzetto, Simone Paolo and Strube, Michael},
	booktitle={ECAI},
	volume={178},
	pages={751--752},
	year={2008},
	organization={Citeseer}
}
@article{coulter1998computing,
	title={Computing classification system 1998: current status and future maintenance. Report of the CCS update committee},
	author={Coulter, Neal and French, James and Glinert, Ephraim and Horton, Thomas and Mead, Nancy and Rada, Roy and Ralston, Anthony and Rodkin, Craig and Rous, Bernard and Tucker, Allen and others},
	journal={Computing Reviews},
	volume={39},
	number={1},
	pages={1--62},
	year={1998}
}
@inproceedings{sinha2015overview,
	title={An overview of microsoft academic service (mas) and applications},
	author={Sinha, Arnab and Shen, Zhihong and Song, Yang and Ma, Hao and Eide, Darrin and Hsu, Bo-june Paul and Wang, Kuansan},
	booktitle={Proceedings of the 24th international conference on world wide web},
	pages={243--246},
	year={2015},
	organization={ACM}
}
@inproceedings{tang2015sampling,
	title={Sampling Representative Users from Large Social Networks.},
	author={Tang, Jie and Zhang, Chenhui and Cai, Keke and Zhang, Li and Su, Zhong},
	booktitle={AAAI},
	pages={304--310},
	year={2015}
}
@article{garey1979guide,
	title={A Guide to the Theory of NP-Completeness},
	author={Garey, Michael R},
	journal={Computers and intractability},
	year={1979},
	publisher={WH Freeman \& Co}
}
@article{blei2003latent,
	title={Latent dirichlet allocation},
	author={Blei, David M and Ng, Andrew Y and Jordan, Michael I},
	journal={Journal of machine Learning research},
	volume={3},
	number={Jan},
	pages={993--1022},
	year={2003}
}
@inproceedings{mei2007automatic,
	title={Automatic labeling of multinomial topic models},
	author={Mei, Qiaozhu and Shen, Xuehua and Zhai, ChengXiang},
	booktitle={Proceedings of the 13th ACM SIGKDD international conference on Knowledge discovery and data mining},
	pages={490--499},
	year={2007},
	organization={ACM}
}
@inproceedings{lau2011automatic,
	title={Automatic labelling of topic models},
	author={Lau, Jey Han and Grieser, Karl and Newman, David and Baldwin, Timothy},
	booktitle={Proceedings of the 49th Annual Meeting of the Association for Computational Linguistics: Human Language Technologies-Volume 1},
	pages={1536--1545},
	year={2011},
	organization={Association for Computational Linguistics}
}
@incollection{witten2005kea,
	title={KEA: Practical Automated Keyphrase Extraction},
	author={Witten, Ian H and Paynter, Gordon W and Frank, Eibe and Gutwin, Carl and Nevill-Manning, Craig G},
	booktitle={Design and Usability of Digital Libraries: Case Studies in the Asia Pacific},
	pages={129--152},
	year={2005},
	publisher={IGI Global}
}
@inproceedings{jiang2009ranking,
	title={A ranking approach to keyphrase extraction},
	author={Jiang, Xin and Hu, Yunhua and Li, Hang},
	booktitle={Proceedings of the 32nd international ACM SIGIR conference on Research and development in information retrieval},
	pages={756--757},
	year={2009},
	organization={ACM}
}
@inproceedings{hasan2014automatic,
	title={Automatic keyphrase extraction: A survey of the state of the art},
	author={Hasan, Kazi Saidul and Ng, Vincent},
	booktitle={Proceedings of the 52nd Annual Meeting of the Association for Computational Linguistics (Volume 1: Long Papers)},
	volume={1},
	pages={1262--1273},
	year={2014}
}
@article{kleinberg1999authoritative,
	title={Authoritative sources in a hyperlinked environment},
	author={Kleinberg, Jon M},
	journal={Journal of the ACM (JACM)},
	volume={46},
	number={5},
	pages={604--632},
	year={1999},
	publisher={ACM}
}
@article{brin1998anatomy,
	title={The anatomy of a large-scale hypertextual web search engine},
	author={Brin, Sergey and Page, Lawrence},
	journal={Computer networks and ISDN systems},
	volume={30},
	number={1-7},
	pages={107--117},
	year={1998},
	publisher={Elsevier}
}
@inproceedings{mihalcea2004textrank,
	title={Textrank: Bringing order into text},
	author={Mihalcea, Rada and Tarau, Paul},
	booktitle={Proceedings of the 2004 conference on empirical methods in natural language processing},
	year={2004}
}
@inproceedings{liu2009clustering,
	title={Clustering to find exemplar terms for keyphrase extraction},
	author={Liu, Zhiyuan and Li, Peng and Zheng, Yabin and Sun, Maosong},
	booktitle={Proceedings of the 2009 Conference on Empirical Methods in Natural Language Processing: Volume 1-Volume 1},
	pages={257--266},
	year={2009},
	organization={Association for Computational Linguistics}
}
@inproceedings{zha2002generic,
	title={Generic summarization and keyphrase extraction using mutual reinforcement principle and sentence clustering},
	author={Zha, Hongyuan},
	booktitle={Proceedings of the 25th annual international ACM SIGIR conference on Research and development in information retrieval},
	pages={113--120},
	year={2002},
	organization={ACM}
}
@inproceedings{wan2007towards,
	title={Towards an iterative reinforcement approach for simultaneous document summarization and keyword extraction},
	author={Wan, Xiaojun and Yang, Jianwu and Xiao, Jianguo},
	booktitle={Proceedings of the 45th annual meeting of the association of computational linguistics},
	pages={552--559},
	year={2007}
}
@inproceedings{tomokiyo2003language,
	title={A language model approach to keyphrase extraction},
	author={Tomokiyo, Takashi and Hurst, Matthew},
	booktitle={Proceedings of the ACL 2003 workshop on Multiword expressions: analysis, acquisition and treatment-Volume 18},
	pages={33--40},
	year={2003},
	organization={Association for Computational Linguistics}
}
@inproceedings{mikolov2013distributed,
	title={Distributed representations of words and phrases and their compositionality},
	author={Mikolov, Tomas and Sutskever, Ilya and Chen, Kai and Corrado, Greg S and Dean, Jeff},
	booktitle={Advances in neural information processing systems},
	pages={3111--3119},
	year={2013}
}
@misc{mccormick2016word2vec,
	title={Word2vec tutorial-the skip-gram model},
	author={McCormick, Chris},
	year={2016},
	publisher={Retrieved}
}
@inproceedings{pennington2014glove,
title={Glove: Global vectors for word representation},
author={Pennington, Jeffrey and Socher, Richard and Manning, Christopher},
booktitle={Proceedings of the 2014 conference on empirical methods in natural language processing (EMNLP)},
pages={1532--1543},
year={2014}
}
@article{silver2016mastering,
	title={Mastering the game of Go with deep neural networks and tree search},
	author={Silver, David and Huang, Aja and Maddison, Chris J and Guez, Arthur and Sifre, Laurent and Van Den Driessche, George and Schrittwieser, Julian and Antonoglou, Ioannis and Panneershelvam, Veda and Lanctot, Marc and others},
	journal={nature},
	volume={529},
	number={7587},
	pages={484},
	year={2016},
	publisher={Nature Publishing Group}
}
@article{mnih2013playing,
	title={Playing atari with deep reinforcement learning},
	author={Mnih, Volodymyr and Kavukcuoglu, Koray and Silver, David and Graves, Alex and Antonoglou, Ioannis and Wierstra, Daan and Riedmiller, Martin},
	journal={arXiv preprint arXiv:1312.5602},
	year={2013}
}
@article{silver2017mastering,
	title={Mastering chess and shogi by self-play with a general reinforcement learning algorithm},
	author={Silver, David and Hubert, Thomas and Schrittwieser, Julian and Antonoglou, Ioannis and Lai, Matthew and Guez, Arthur and Lanctot, Marc and Sifre, Laurent and Kumaran, Dharshan and Graepel, Thore and others},
	journal={arXiv preprint arXiv:1712.01815},
	year={2017}
}
@article{silver2016alphago,
	title={AlphaGo: Mastering the ancient game of Go with Machine Learning},
	author={Silver, David and Hassabis, Demis},
	journal={Research Blog},
	year={2016}
}
@book{sutton1998reinforcement,
	title={Reinforcement learning: An introduction},
	author={Sutton, Richard S and Barto, Andrew G and Bach, Francis and others},
	year={1998},
	publisher={MIT press}
}
@article{li2017deep,
	title={Deep reinforcement learning: An overview},
	author={Li, Yuxi},
	journal={arXiv preprint arXiv:1701.07274},
	year={2017}
}
@book{rummery1994line,
	title={On-line Q-learning using connectionist systems},
	author={Rummery, Gavin A and Niranjan, Mahesan},
	volume={37},
	year={1994},
	publisher={University of Cambridge, Department of Engineering Cambridge, England}
}
@article{watkins1992q,
	title={Q-learning},
	author={Watkins, Christopher JCH and Dayan, Peter},
	journal={Machine learning},
	volume={8},
	number={3-4},
	pages={279--292},
	year={1992},
	publisher={Springer}
}
@article{arulkumaran2017brief,
	title={A brief survey of deep reinforcement learning},
	author={Arulkumaran, Kai and Deisenroth, Marc Peter and Brundage, Miles and Bharath, Anil Anthony},
	journal={arXiv preprint arXiv:1708.05866},
	year={2017}
}
@article{mnih2015human,
	title={Human-level control through deep reinforcement learning},
	author={Mnih, Volodymyr and Kavukcuoglu, Koray and Silver, David and Rusu, Andrei A and Veness, Joel and Bellemare, Marc G and Graves, Alex and Riedmiller, Martin and Fidjeland, Andreas K and Ostrovski, Georg and others},
	journal={Nature},
	volume={518},
	number={7540},
	pages={529},
	year={2015},
	publisher={Nature Publishing Group}
}
@article{williams1992simple,
	title={Simple statistical gradient-following algorithms for connectionist reinforcement learning},
	author={Williams, Ronald J},
	journal={Machine learning},
	volume={8},
	number={3-4},
	pages={229--256},
	year={1992},
	publisher={Springer}
}
@article{li2017end,
	title={End-to-end task-completion neural dialogue systems},
	author={Li, Xiujun and Chen, Yun-Nung and Li, Lihong and Gao, Jianfeng and Celikyilmaz, Asli},
	journal={arXiv preprint arXiv:1703.01008},
	year={2017}
}
@inproceedings{he2016dual,
	title={Dual learning for machine translation},
	author={He, Di and Xia, Yingce and Qin, Tao and Wang, Liwei and Yu, Nenghai and Liu, Tieyan and Ma, Wei-Ying},
	booktitle={Advances in Neural Information Processing Systems},
	pages={820--828},
	year={2016}
}
@article{bahdanau2016actor,
	title={An actor-critic algorithm for sequence prediction},
	author={Bahdanau, Dzmitry and Brakel, Philemon and Xu, Kelvin and Goyal, Anirudh and Lowe, Ryan and Pineau, Joelle and Courville, Aaron and Bengio, Yoshua},
	journal={arXiv preprint arXiv:1607.07086},
	year={2016}
}
@inproceedings{zhang2017leap,
	title={Leap: learning to prescribe effective and safe treatment combinations for multimorbidity},
	author={Zhang, Yutao and Chen, Robert and Tang, Jie and Stewart, Walter F and Sun, Jimeng},
	booktitle={Proceedings of the 23rd ACM SIGKDD International Conference on Knowledge Discovery and Data Mining},
	pages={1315--1324},
	year={2017},
	organization={ACM}
}











